% Encoding: UTF-8
@article{hillman2002weston,
  title={The Weston wheelchair mounted assistive robot-the design story},
  author={Hillman, Michael and Hagan, Karen and Hagan, Sean and Jepson, Jill and Orpwood, Roger},
  journal={Robotica},
  volume={20},
  number={02},
  pages={125--132},
  year={2002},
  publisher={Cambridge Univ Press}
}

@InProceedings{Tsui2008,
  author        = {Tsui, Katherine and Yanco, Holly and Kontak, David and Beliveau, Linda},
  title         = {Development and Evaluation of a Flexible Interface for a Wheelchair Mounted Robotic Arm},
  booktitle     = {Proceedings of the 3rd ACM/IEEE International Conference on Human Robot Interaction},
  year          = {2008},
  series        = {HRI '08},
  pages         = {105--112},
  address       = {New York, NY, USA},
  publisher     = {ACM},
  __markedentry = {[Dominic:6]},
  acmid         = {1349837},
  doi           = {10.1145/1349822.1349837},
  isbn          = {978-1-60558-017-3},
  keywords      = {assistive technology, human-robot interaction, robotic arm},
  location      = {Amsterdam, The Netherlands},
  numpages      = {8},
  url           = {http://doi.acm.org/10.1145/1349822.1349837},
}

@Comment{jabref-meta: databaseType:bibtex;}

@inproceedings{tsui2007simplifying,
  title={Simplifying Wheelchair Mounted Robotic Arm Control with a Visual Interface.},
  author={Tsui, Katherine M and Yanco, Holly A},
  booktitle={AAAI Spring Symposium: Multidisciplinary Collaboration for Socially Assistive Robotics},
  pages={97--102},
  year={2007}
}
@inproceedings{goldberg1995desktop,
  title={Desktop teleoperation via the world wide web},
  author={Goldberg, Ken and Mascha, Michael and Gentner, Steve and Rothenberg, Nick and Sutter, Carl and Wiegley, Jeff},
  booktitle={Robotics and Automation, 1995. Proceedings., 1995 IEEE International Conference on},
  volume={1},
  pages={654--659},
  year={1995},
  organization={IEEE}
}

@inproceedings{nguyen2008assistive,
	title={El-e: An assistive robot that fetches objects from flat surfaces},
	author={Nguyen, Hai and Anderson, Cressel and Trevor, Alexander and Jain, Advait and Xu, Zhe and Kemp, Charles C},
	booktitle={Robotic helpers, int. conf. on human-robot interaction},
	year={2008}
}

